%% This BibTeX bibliography file was created using BibDesk.
%% http://bibdesk.sourceforge.net/


%% Created for Peter Gusev at 2016-04-14 16:19:37 -0700 


%% Saved with string encoding Unicode (UTF-8) 



@article{ntsd,
	Author = {Gusev, Peter and Wang, Zhehao and Burke, Jeff and Zhang, Lixia and Takahiro, Yoneda and Ohnishi, Ryota and Muramoto, Eiichi},
	Date-Added = {2016-04-14 19:08:54 +0000},
	Date-Modified = {2016-04-14 23:19:33 +0000},
	Journal = {IEICE},
	Title = {Real-Time Streaming Data Delivery over Named Data Networking},
	Year = {2016}}

@inproceedings{ndnrtc,
	Acmid = {2810176},
	Address = {New York, NY, USA},
	Author = {Gusev, Peter and Burke, Jeff},
	Booktitle = {Proceedings of the 2Nd International Conference on Information-Centric Networking},
	Doi = {10.1145/2810156.2810176},
	Isbn = {978-1-4503-3855-4},
	Keywords = {ICN, NDN, RTC, information centric networking, low latency, named data networking, real-time communication, teleconferencing, videoconferencing},
	Location = {San Francisco, California, USA},
	Numpages = {10},
	Pages = {117--126},
	Publisher = {ACM},
	Series = {ICN '15},
	Title = {NDN-RTC: Real-Time Videoconferencing over Named Data Networking},
	Url = {http://doi.acm.org/10.1145/2810156.2810176},
	Year = {2015},
	Bdsk-Url-1 = {http://doi.acm.org/10.1145/2810156.2810176},
	Bdsk-Url-2 = {http://dx.doi.org/10.1145/2810156.2810176}}
